@article{citation1,
author = {lname1, fname1 and lname2, fname2},
doi = {10.1038/s41598-019-52947-3},
journal = {Scientific Reports},
title = {{A dose response model for quantifying the infection risk of antibiotic-resistant bacteria}},
url = {http://www.nature.com/articles/s41598-019-52947-3},
volume = {9},
year = {2019}
}
@article{citation2,
author = {lname1, fname1 and lname2, fname2},
doi = {10.1038/s41598-019-52947-3},
journal = {Scientific Reports},
title = {{A dose response model for quantifying the infection risk of antibiotic-resistant bacteria}},
url = {http://www.nature.com/articles/s41598-019-52947-3},
volume = {9},
year = {2019}
}
@article{citation2,
author = {lname1, fname1 and lname2, fname2},
doi = {10.1038/s41598-019-52947-3},
journal = {Scientific Reports},
title = {{A dose response model for quantifying the infection risk of antibiotic-resistant bacteria}},
url = {http://www.nature.com/articles/s41598-019-52947-3},
volume = {9},
year = {2019}
}
@article{citation3,
author = {lname1, fname1 and lname2, fname2},
doi = {10.1038/s41598-019-52947-3},
journal = {Scientific Reports},
title = {{A dose response model for quantifying the infection risk of antibiotic-resistant bacteria}},
url = {http://www.nature.com/articles/s41598-019-52947-3},
volume = {9},
year = {2019}
}
@article{citation4,
author = {lname1, fname1 and lname2, fname2},
doi = {10.1038/s41598-019-52947-3},
journal = {Scientific Reports},
title = {{A dose response model for quantifying the infection risk of antibiotic-resistant bacteria}},
url = {http://www.nature.com/articles/s41598-019-52947-3},
volume = {9},
year = {2019}
}
@article{citation5,
author = {lname1, fname1 and lname2, fname2},
doi = {10.1038/s41598-019-52947-3},
journal = {Scientific Reports},
title = {{A dose response model for quantifying the infection risk of antibiotic-resistant bacteria}},
url = {http://www.nature.com/articles/s41598-019-52947-3},
volume = {9},
year = {2019}
}
@article{ci-tation6,
author = {lname1, fname1 and lname2, fname2},
doi = {10.1038/s41598-019-52947-3},
journal = {Scientific Reports},
title = {{A dose response model for quantifying the infection risk of antibiotic-resistant bacteria}},
url = {http://www.nature.com/articles/s41598-019-52947-3},
volume = {9},
year = {2019}
}
@article{ci_tation7,
author = {lname1, fname1 and lname2, fname2},
doi = {10.1038/s41598-019-52947-3},
journal = {Scientific Reports},
title = {{A dose response model for quantifying the infection risk of antibiotic-resistant bacteria}},
url = {http://www.nature.com/articles/s41598-019-52947-3},
volume = {9},
year = {2019}
}
@article{citation-1,
author = {lname1, fname1 and lname2, fname2},
doi = {10.1038/s41598-019-52947-3},
journal = {Scientific Reports},
title = {{A dose response model for quantifying the infection risk of antibiotic-resistant bacteria}},
url = {http://www.nature.com/articles/s41598-019-52947-3},
volume = {9},
year = {2019}
}
@article{citation_1,
author = {lname1, fname1 and lname2, fname2},
doi = {10.1038/s41598-019-52947-3},
journal = {Scientific Reports},
title = {{A dose response model for quantifying the infection risk of antibiotic-resistant bacteria}},
url = {http://www.nature.com/articles/s41598-019-52947-3},
volume = {9},
year = {2019}
}
@article{citation,
author = {lname1, fname1 and lname2, fname2},
doi = {10.1038/s41598-019-52947-3},
journal = {Scientific Reports},
title = {{A dose response model for quantifying the infection risk of antibiotic-resistant bacteria}},
url = {http://www.nature.com/articles/s41598-019-52947-3},
volume = {9},
year = {2019}
}
@article{1citation_,
author = {lname1, fname1 and lname2, fname2},
doi = {10.1038/s41598-019-52947-3},
journal = {Scientific Reports},
title = {{A dose response model for quantifying the infection risk of antibiotic-resistant bacteria}},
url = {http://www.nature.com/articles/s41598-019-52947-3},
volume = {9},
year = {2019}
}
